@book{ch:01,
 author = {Chandy, K. Mani and Lamport, Leslie},
 title = {Distributed Snapshots: Determining Global States of Distributed Systems},
 journal = {ACM Trans. Comput. Syst.},
 issue_date = {Feb. 1985},
 volume = {3},
 number = {1},
 month = feb,
 year = {1985},
 issn = {0734-2071},
 pages = {63--75},
 numpages = {13},
 url = {http://doi.acm.org/10.1145/214451.214456},
 doi = {10.1145/214451.214456},
 acmid = {214456},
 publisher = {ACM},
 address = {New York, NY, USA},
}